@book{Bishop06,
  author = {Christopher M. Bishop},
  year = {2006},
  title = {Pattern Recognition and Machine Learning},
  publisher = {Springer}
}

@book{Murphy22,
  author = {Kevin Patrick Murphy},
  year = {2022},
  title = {Probabilistic Machine Learning, An Introduction},
  publisher = {The MIT Press}
}

@book{HasTibFri17,
  author = {Trevor Hastie and Robert Tibshirani and Jerome Friedman},
  year = {2017},
  title = {The Elements of Statistical Learning},
  publisher = {Springer}
}
